<record><leader>00000cas a22000007a 4500</leader><controlfield tag="001">18385827</controlfield><controlfield tag="008">880822d18401uuulauwr ne      0    0eng d</controlfield><datafield ind1=" " ind2=" " tag="010"><subfield code="a">sn 88064601 </subfield></datafield><datafield ind1=" " ind2=" " tag="040"><subfield code="a">LNP</subfield><subfield code="b">eng</subfield><subfield code="c">LNP</subfield><subfield code="d">OCLCQ</subfield></datafield><datafield ind1=" " ind2=" " tag="042"><subfield code="a">msc</subfield></datafield><datafield ind1="0" ind2=" " tag="130"><subfield code="a">Feliciana Republican (Jackson, La.)</subfield></datafield><datafield ind1="1" ind2="0" tag="245"><subfield code="a">Feliciana Republican.</subfield></datafield><datafield ind1=" " ind2=" " tag="260"><subfield code="a">Jackson [La.] :</subfield><subfield code="b">Robert C. Carman</subfield></datafield><datafield ind1=" " ind2=" " tag="300"><subfield code="a">v.</subfield></datafield><datafield ind1=" " ind2=" " tag="310"><subfield code="a">Weekly</subfield></datafield><datafield ind1="1" ind2=" " tag="362"><subfield code="a">Began in 1840.</subfield></datafield><datafield ind1=" " ind2=" " tag="588"><subfield code="a">Description based on: Vol. 3, no. 30 (Nov. 21, 1840).</subfield></datafield><datafield ind1=" " ind2=" " tag="752"><subfield code="a">United States</subfield><subfield code="b">Louisiana</subfield><subfield code="c">East Feliciana</subfield><subfield code="d">Jackson.</subfield></datafield><datafield ind1="0" ind2="0" tag="780"><subfield code="t">Feliciana republican and Louisiana literary messenger</subfield><subfield code="w">(DLC)sn 86053694</subfield></datafield></record>